<?xml version="1.0" encoding="UTF-8"?>
<record xmlns="http://www.loc.gov/MARC21/slim">
   <leader>01135cam a2200265 a 4500</leader>
   <controlfield tag="001">787722</controlfield>
   <controlfield tag="003">NjP</controlfield>
   <controlfield tag="005">20170605130033.0</controlfield>
   <controlfield tag="008">840119m19809999ir            000|0 ara d</controlfield>
   <datafield tag="024" ind1="7" ind2=" ">
      <subfield code="a">princeton_aco004931</subfield>
      <subfield code="2">local</subfield>
   </datafield>
   <datafield ind1=" " ind2=" " tag="035">
      <subfield code="a">(OCoLC)27635438</subfield>
   </datafield>
   <datafield ind1=" " ind2=" " tag="035">
      <subfield code="a">(CStRLIN)NJPG84-B3361</subfield>
   </datafield>
   <datafield ind1=" " ind2=" " tag="035">
      <subfield code="9">ADT3540TS</subfield>
   </datafield>
   <datafield ind1=" " ind2=" " tag="040">
      <subfield code="a">NjP</subfield>
      <subfield code="c">NjP</subfield>
   </datafield>
   <datafield ind1=" " ind2=" " tag="043">
      <subfield code="a">a------</subfield>
      <subfield code="a">f------</subfield>
   </datafield>
   <datafield ind1="1" ind2=" " tag="100">
      <subfield code="a">Gharavī, Muḥammad Ḥusayn,</subfield>
      <subfield code="d">1878-1942.</subfield>
      <subfield code="0">http://id.loc.gov/authorities/names/n85235894</subfield>
   </datafield>
   <datafield ind1="1" ind2="0" tag="245">
      <subfield code="a">Ḥāshīyat Kitāb al-Makāsib /</subfield>
      <subfield code="c">li-Muḥammad Ḥusayn al-Gharawī al-Iṣfahānī.</subfield>
   </datafield>
   <datafield ind1=" " ind2=" " tag="260">
      <subfield code="a">Qum :</subfield>
      <subfield code="b">yuṭlabu min Maktabat Baṣīratī,</subfield>
      <subfield code="c">198-?</subfield>
   </datafield>
   <datafield ind1=" " ind2=" " tag="300">
      <subfield code="a">v. ;</subfield>
      <subfield code="c">36 cm.</subfield>
   </datafield>
   <datafield ind1=" " ind2=" " tag="500">
      <subfield code="a">Cover title.</subfield>
   </datafield>
   <datafield ind1="1" ind2="0" tag="600">
      <subfield code="a">Anṣārī, Murtaḍá ibn Muḥammad Amīn,</subfield>
      <subfield code="d">1799 or 1800-1864.</subfield>
      <subfield code="t">Makāsib.</subfield>
      <subfield code="0">http://id.loc.gov/authorities/names/nr92032238</subfield>
   </datafield>
   <datafield ind1=" " ind2="0" tag="650">
      <subfield code="a">Profit</subfield>
      <subfield code="z">Islamic countries.</subfield>
   </datafield>
   <datafield ind1=" " ind2="0" tag="650">
      <subfield code="a">Commercial law (Islamic law)</subfield>
      <subfield code="0">http://id.loc.gov/authorities/subjects/sh85028946</subfield>
   </datafield>
   <datafield ind1=" " ind2=" " tag="998">
      <subfield code="a">02/19/93</subfield>
      <subfield code="s">9118</subfield>
      <subfield code="n">NjP</subfield>
      <subfield code="w">NJPG84B3361</subfield>
      <subfield code="d">01/19/84</subfield>
      <subfield code="c">JAB</subfield>
      <subfield code="b">JAB</subfield>
      <subfield code="i">930219</subfield>
      <subfield code="l">NJPG</subfield>
   </datafield>
   <datafield ind1=" " ind2=" " tag="911">
      <subfield code="a">19930311</subfield>
   </datafield>
   <datafield ind1=" " ind2=" " tag="912">
      <subfield code="a">19980513032857.0</subfield>
   </datafield>
   <datafield ind1="0" ind2="1" tag="852">
      <subfield code="0">890615</subfield>
      <subfield code="b">nec</subfield>
      <subfield code="t">1</subfield>
      <subfield code="c">Oversize</subfield>
      <subfield code="h">KBP370.A57</subfield>
      <subfield code="i">G437 1980zq</subfield>
   </datafield>
   <datafield ind1=" " ind2="0" tag="866">
      <subfield code="0">890615</subfield>
      <subfield code="8">0</subfield>
      <subfield code="a">al-juzʾ 1</subfield>
   </datafield>
   <datafield ind1=" " ind2=" " tag="959">
      <subfield code="a">2000-06-13 00:00:00 -0400</subfield>
   </datafield>
</record>
